<record><leader>00000cas a22000007a 4500</leader><controlfield tag="001">12688858</controlfield><controlfield tag="008">851018d19091916wvuwr ne      0    0eng d</controlfield><datafield ind1=" " ind2=" " tag="010"><subfield code="a">sn 85059569 </subfield></datafield><datafield ind1=" " ind2=" " tag="040"><subfield code="a">WVC</subfield><subfield code="b">eng</subfield><subfield code="c">WVC</subfield><subfield code="d">OCL</subfield><subfield code="d">OCLCQ</subfield></datafield><datafield ind1=" " ind2=" " tag="042"><subfield code="a">msc</subfield></datafield><datafield ind1="0" ind2="4" tag="245"><subfield code="a">The Gassaway times.</subfield></datafield><datafield ind1=" " ind2=" " tag="260"><subfield code="a">Gassaway, W. Va. :</subfield><subfield code="b">H.H. Dean and H.E. Woodley</subfield></datafield><datafield ind1=" " ind2=" " tag="300"><subfield code="a">v.</subfield></datafield><datafield ind1=" " ind2=" " tag="310"><subfield code="a">Weekly</subfield></datafield><datafield ind1="1" ind2=" " tag="362"><subfield code="a">Began in 1909; ceased in 1916?</subfield></datafield><datafield ind1=" " ind2=" " tag="500"><subfield code="a">"Non Partisan Progressive."</subfield></datafield><datafield ind1=" " ind2=" " tag="580"><subfield code="a">Merged with: Gassaway era, and: Gassaway news, to form: Gassaway review.</subfield></datafield><datafield ind1=" " ind2=" " tag="588"><subfield code="a">Description based on: Vol. 4, no. 31 (Sept. 5, 1912).</subfield></datafield><datafield ind1=" " ind2=" " tag="752"><subfield code="a">United States</subfield><subfield code="b">West Virginia</subfield><subfield code="c">Braxton</subfield><subfield code="d">Gassaway.</subfield></datafield><datafield ind1="0" ind2="7" tag="785"><subfield code="t">Gassaway era</subfield><subfield code="w">(DLC)sn 85059567</subfield></datafield><datafield ind1="0" ind2="7" tag="785"><subfield code="t">Gassaway news</subfield></datafield><datafield ind1="0" ind2="7" tag="785"><subfield code="t">Gassaway review</subfield><subfield code="w">(DLC)sn 85059568</subfield></datafield><datafield ind1="1" ind2=" " tag="029"><subfield code="a">AU@</subfield><subfield code="b">000025807423</subfield></datafield></record>